% This file was created with JabRef 2.9.2.
% Encoding: Cp1252

@TECHREPORT{Goldberg-2005-microsoftTechReportA*,
  author = {Andrew V. Goldberg, Haim Kaplan, Renato F. Werneck},
  title = {Reach for A*: Efficient Point-to-Point Shortest Path Algorithms},
  institution = {Microsoft Corporation},
  year = {2005},
  type = {Technical Report},
  month = {October},
  owner = {Brandon},
  timestamp = {2014.03.12}
}

@ELECTRONIC{Chang-2009-shortestPath,
  author = {Chang, Janie},
  month = {July},
  year = {2009},
  title = {Making the Shortest Path Quicker},
  organization = {Microsoft},
  url = {http://research.microsoft.com/en-us/news/features/shortestpath-070709.aspx},
  owner = {Brandon},
  timestamp = {2014.03.12}
}

@ELECTRONIC{Eranki-2002-Astar,
  author = {Eranki, Rajiv},
  year = {2002},
  title = {Pathfinding using A* (A-Star): Traversing graphs and finding paths},
  url = {http://web.mit.edu/eranki/www/tutorials/search/},
  owner = {Brandon},
  timestamp = {2014.03.12}
}

@ARTICLE{doi:10.1142/S0129626407002843,
  author = {ANDREW LUMSDAINE and DOUGLAS GREGOR and BRUCE HENDRICKSON and JONATHAN
	BERRY},
  title = {CHALLENGES IN PARALLEL GRAPH PROCESSING},
  journal = {Parallel Processing Letters},
  year = {2007},
  volume = {17},
  pages = {5-20},
  number = {01},
  doi = {10.1142/S0129626407002843},
  eprint = {http://www.worldscientific.com/doi/pdf/10.1142/S0129626407002843},
  owner = {Brandon},
  timestamp = {2014.03.12},
  url = {http://www.worldscientific.com/doi/abs/10.1142/S0129626407002843}
}

@CONFERENCE{Jasika-2012-dijkstra,
  author = {Nadira Jasika, Naida Alispahic, Arslanagic Elma, Kurtovic Ilvana,
	Lagumdzija Elma, Novica Nosovic},
  title = {Dijkstra's shortest path algorithm serial and parallel execution
	performance analysis},
  booktitle = {MIPRO, 2012 Proceedings of the 35th International Convention},
  year = {2012},
  pages = {1811-1815},
  month = {May},
  owner = {Brandon},
  timestamp = {2014.03.12}
}

@ARTICLE{riospnba,
  author = {Rios, Luis Henrique Oliveira and Chaimowicz, Luiz},
  title = {PNBA*: A Parallel Bidirectional Heuristic Search Algorithm},
  owner = {Brandon},
  timestamp = {2014.04.18}
}

@ELECTRONIC{citutor,
  title = {Cyberinfrustructure Tutor},
  organization = {NCSA},
  url = {cututor.org},
  owner = {Brandon},
  timestamp = {2014.03.12}
}

